<record><leader>00000cas a22000007a 4500</leader><controlfield tag="001">17392405</controlfield><controlfield tag="008">880126u1uuuuuuutxuwr ne      0    0eng d</controlfield><datafield ind1=" " ind2=" " tag="010"><subfield code="a">sn 88083078 </subfield></datafield><datafield ind1=" " ind2=" " tag="040"><subfield code="a">PPM</subfield><subfield code="b">eng</subfield><subfield code="c">PPM</subfield><subfield code="d">OCLCQ</subfield></datafield><datafield ind1=" " ind2=" " tag="042"><subfield code="a">msc</subfield></datafield><datafield ind1="0" ind2="4" tag="245"><subfield code="a">The Corrigan press.</subfield></datafield><datafield ind1=" " ind2=" " tag="260"><subfield code="a">Corrigan, Tex. :</subfield><subfield code="b">J.R. Gilbert</subfield></datafield><datafield ind1=" " ind2=" " tag="310"><subfield code="a">Weekly</subfield></datafield><datafield ind1="0" ind2=" " tag="362"><subfield code="a">-v. 15, no. 34 (Sept. 26, 1946).</subfield></datafield><datafield ind1=" " ind2=" " tag="588"><subfield code="a">Description based on: Vol. 40, no. 49 (Nov. 29, 1934).</subfield></datafield><datafield ind1=" " ind2=" " tag="752"><subfield code="a">United States</subfield><subfield code="b">Texas</subfield><subfield code="c">Polk</subfield><subfield code="d">Corrigan.</subfield></datafield><datafield ind1="0" ind2="0" tag="780"><subfield code="t">East Texas optimist</subfield></datafield><datafield ind1="1" ind2=" " tag="029"><subfield code="a">AU@</subfield><subfield code="b">000025794527</subfield></datafield></record>